<collection xmlns="http://www.loc.gov/MARC21/slim">
<record>
  <leader>01081nam0a22002411i 450 </leader>
  <controlfield tag="001">IT\ICCU\CNCE\067090</controlfield>
  <controlfield tag="005">20100401000000.0</controlfield>
  <datafield tag="012" ind1=" " ind2=" ">
    <subfield code="a">&amp;aad s.ut u-e- buod (3) 1591 (R)</subfield>
    <subfield code="2">fei</subfield>
  </datafield>
  <datafield tag="100" ind1=" " ind2=" ">
    <subfield code="a">20060907d1591        0itac0103    ba</subfield>
  </datafield>
  <datafield tag="101" ind1=" " ind2=" ">
    <subfield code="a">LAT</subfield>
  </datafield>
  <datafield tag="102" ind1=" " ind2=" ">
    <subfield code="a">IT</subfield>
  </datafield>
  <datafield tag="200" ind1="1" ind2=" ">
    <subfield code="a">Officiolum sacratissimi rosarii beatae Mariae semper virginis; cum litaniis ad eadem Deiparam, pro singulis sabbathis mensis, ... Auctore f. Io. Maria Solario ...</subfield>
  </datafield>
  <datafield tag="210" ind1=" " ind2=" ">
    <subfield code="a">Ticini</subfield>
    <subfield code="c">ex typographyca Andreae Viani</subfield>
    <subfield code="d">1591</subfield>
  </datafield>
  <datafield tag="215" ind1=" " ind2=" ">
    <subfield code="a">156 p., \5! c. di tav.</subfield>
    <subfield code="c">ill.</subfield>
    <subfield code="d">12ʻ</subfield>
  </datafield>
  <datafield tag="620" ind1=" " ind2=" ">
    <subfield code="a">IT</subfield>
    <subfield code="d">Pavia</subfield>
  </datafield>
  <datafield tag="700" ind1=" " ind2="1">
    <subfield code="a">Solari,</subfield>
    <subfield code="b">Giovanni Maria</subfield>
    <subfield code="3">IT\ICCU\CNCA\009207</subfield>
  </datafield>
  <datafield tag="712" ind1="0" ind2="0">
    <subfield code="a">Viani, Andrea</subfield>
    <subfield code="3">IT\ICCU\CNCT\000019</subfield>
    <subfield code="4">650</subfield>
  </datafield>
  <datafield tag="790" ind1=" " ind2="1">
    <subfield code="a">Solaro,</subfield>
    <subfield code="b">Giovanni Maria</subfield>
    <subfield code="3">IT\ICCU\CNCA\024091</subfield>
    <subfield code="z">Solari, Giovanni Maria</subfield>
  </datafield>
  <datafield tag="790" ind1=" " ind2="1">
    <subfield code="a">Solarius,</subfield>
    <subfield code="b">Ioannes Maria</subfield>
    <subfield code="3">IT\ICCU\CNCA\024092</subfield>
    <subfield code="z">Solari, Giovanni Maria</subfield>
  </datafield>
  <datafield tag="791" ind1="0" ind2="0">
    <subfield code="a">Viano, Andrea</subfield>
    <subfield code="3">IT\ICCU\CNCT\005874</subfield>
    <subfield code="z">Viani, Andrea</subfield>
  </datafield>
  <datafield tag="791" ind1="0" ind2="0">
    <subfield code="a">Vianus, Andreas</subfield>
    <subfield code="3">IT\ICCU\CNCT\005875</subfield>
    <subfield code="z">Viani, Andrea</subfield>
  </datafield>
  <datafield tag="801" ind1=" " ind2="3">
    <subfield code="a">IT</subfield>
    <subfield code="b">ICCU</subfield>
    <subfield code="c">20201115</subfield>
  </datafield>
  <datafield tag="899" ind1=" " ind2=" ">
    <subfield code="a">Biblioteca universitaria Alessandrina. Roma</subfield>
    <subfield code="1">RM0280</subfield>
    <subfield code="2">RML 01</subfield>
  </datafield>
</record>
</collection>
